<?xml version="1.0" encoding="UTF-8"?><collection><record><leader>04820ntm a2200529 a 4500</leader><controlfield tag="001">006836739</controlfield><controlfield tag="003">MiAaHDL</controlfield><controlfield tag="005">20190719000000.0</controlfield><controlfield tag="006">m        d        </controlfield><controlfield tag="007">cr bn ---auaua</controlfield><controlfield tag="008">090708s17uu    xx            00| ||per d</controlfield><datafield tag="035" ind1=" " ind2=" "><subfield code="a">(MiU)006836739</subfield></datafield><datafield tag="035" ind1=" " ind2=" "><subfield code="a">sdr-miu006836739</subfield></datafield><datafield tag="040" ind1=" " ind2=" "><subfield code="a">MiU</subfield><subfield code="c">MiU</subfield><subfield code="e">amremm</subfield></datafield><datafield tag="043" ind1=" " ind2=" "><subfield code="a">n-us-mi</subfield></datafield><datafield tag="100" ind1="1" ind2=" "><subfield code="6">880-01</subfield><subfield code="a">Ẓahīr Fāryābī, Abū al-Faz̤l Ṭāhir ibn Muḥammad,</subfield><subfield code="d">-1201 or 1202.</subfield></datafield><datafield tag="240" ind1="1" ind2="0"><subfield code="6">880-02</subfield><subfield code="a">Poems</subfield></datafield><datafield tag="245" ind1="1" ind2="0"><subfield code="6">880-03</subfield><subfield code="a">Dīvān-i Ẓahīr Fāryābī,</subfield><subfield code="f">[18th century?].</subfield></datafield><datafield tag="246" ind1="3" ind2="8"><subfield code="a">ZAHĪR AD-DĪN FĀRYĀBĪ</subfield></datafield><datafield tag="246" ind1="3" ind2=" "><subfield code="a">ديوان ظهير فريابى</subfield></datafield><datafield tag="260" ind1=" " ind2=" "><subfield code="c">[17--?].</subfield></datafield><datafield tag="300" ind1=" " ind2=" "><subfield code="a">142 leaves :</subfield><subfield code="b">paper ;</subfield><subfield code="c">215 x 135 (130 x 75) mm. bound to 226 x 146 mm.</subfield></datafield><datafield tag="500" ind1=" " ind2=" "><subfield code="a">Shelfmark: Ann Arbor, University of Michigan, Special Collections Library, Isl. Ms. 868</subfield></datafield><datafield tag="500" ind1=" " ind2=" "><subfield code="a">Origin: Lacks dated colophon ; hand, paper, etc. may suggest 18th century.</subfield></datafield><datafield tag="500" ind1=" " ind2=" "><subfield code="a">Accompanying materials: a. Slip with description (in hand of E. Husselman ?) "Z̤ahīr, Abū Naṣr, Fāryābī | Dīvān. | n. f. in Mich. MSS." (paginated pp.1-2) -- b. Slip with note "counted for 1968/69 Annual Report" (paginated pp.3-4) -- c. Slip with note "Persian MSS (Heyworth-Dunne?) Husselman notes" (paginated pp.5-6).</subfield></datafield><datafield tag="500" ind1=" " ind2=" "><subfield code="a">Former shelfmark: Mich. Isl. Ms. temp. no. 17</subfield></datafield><datafield tag="500" ind1=" " ind2=" "><subfield code="a">Binding: Boards covered in red cloth with dark red-orange leather over spine and board corners (half binding) ; Western style binding ; pastedowns and flyleaves in a sponge 'marbled' (mottled, cloudy appearance) laid paper in shades of red, pink and yellow ; head edge of text block gilt ; spine carries raised bands and gold-stamped "ZAHĪR AD-DĪN FĀRYĀBĪ | MS." ; sewn in white thread over five recessed cords ; stuck-on endbands in dark green ; overall in good condition.</subfield></datafield><datafield tag="500" ind1=" " ind2=" "><subfield code="a">Support: non-European laid paper (much repaired) with roughly 7 laid lines per cm. (vertical, indistinct, some curving) and chain lines faintly visible, cloudy formation, sturdy, well-burnished, dark cream in color ; flyleaves and replacement leaves in European laid paper ; some pest damage.</subfield></datafield><datafield tag="500" ind1=" " ind2=" "><subfield code="a">Decoration: Section headings rubricated.</subfield></datafield><datafield tag="500" ind1=" " ind2=" "><subfield code="a">Script: Nastaʻlīq ; elegant hand ; serifless with effect of tilt to the right and of words descending to baseline, elongation and somewhat exaggerated thickness of horizontal strokes, pointing in distinct dots, quite rounded ; headings in a large, elegant naskh.</subfield></datafield><datafield tag="500" ind1=" " ind2=" "><subfield code="a">Layout: Written mainly in 15 lines per page, with written area divided to two columns ; decorative layout toward the latter part of the work with fewer lines and every other line on the diagonal (see p.243, etc.).</subfield></datafield><datafield tag="500" ind1=" " ind2=" "><subfield code="a">Collation: iii, IV+1-3+3 (9), 9 IV(81), II (85), IV+1 (94), 2 IV(110), IV-2+2 (118), 3 IV(142), i ; original fragment almost exclusively quaternions ; middle of the quire marks in the form of black strokes, lower outer corner of right-hand leaf, upper outer corner of left-hand leaf ; numerous blank replacement leaves have been inserted where original fragment was lacking ; catchwords present ; foliation in black ink, Hindu-Arabic numerals (upper outer corner of verso of each original leaf) ; foliation in black ink, Western numerals (in upper margin of verso of each original leaf) ; pagination in pencil, Western numerals, supplied during digitization (includes inserts, flyleaves and added leaves and mistakenly skips ahead four pages following p.15 with p.20).</subfield></datafield><datafield tag="500" ind1=" " ind2=" "><subfield code="a">Incipit: "طغرل بن ارسلان ملک الشعرا ظهیر الدین فی مدح السلطان چو زهره وقت صبوح از افق بسازد جنگ زمانه راست [تیز] کند ناله مرا آهنگ ..."</subfield></datafield><datafield tag="500" ind1=" " ind2=" "><subfield code="a">Title from inscriptions on 'title page' (p.13).</subfield></datafield><datafield tag="500" ind1=" " ind2=" "><subfield code="a">Ms. codex.</subfield></datafield><datafield tag="510" ind1="4" ind2=" "><subfield code="a">Cat. Pers. MSS. Brit. Mus.,</subfield><subfield code="c">p.562 f.</subfield></datafield><datafield tag="520" ind1="8" ind2=" "><subfield code="a">Fine though fragmentary copy of the Dīvān of the court poet Ẓahīr al-Dīn Abū al-Faz̤l Ṭāhir ibn Muḥammad al-Fāryābī (d.1201).</subfield></datafield><datafield tag="538" ind1=" " ind2=" "><subfield code="a">Mode of access: Internet.</subfield></datafield><datafield tag="541" ind1=" " ind2=" "><subfield code="c">Gift ;</subfield><subfield code="a">Acquired from Frank E. Nuttall (1875-1943).</subfield></datafield><datafield tag="546" ind1=" " ind2=" "><subfield code="a">Persian.</subfield></datafield><datafield tag="561" ind1=" " ind2=" "><subfield code="a">Notes and poetic excerpts on 'title page' (p.13) ; back flyleaf stamped in black ink "J. ADAMS MANCHESTER" ; occasional marginal glosses.</subfield></datafield><datafield tag="650" ind1=" " ind2="0"><subfield code="a">Manuscripts, Persian</subfield><subfield code="z">Michigan</subfield><subfield code="z">Ann Arbor.</subfield></datafield><datafield tag="650" ind1=" " ind2="0"><subfield code="a">Persian poetry</subfield><subfield code="y">747-1500.</subfield></datafield><datafield tag="700" ind1="1" ind2=" "><subfield code="a">Nuttall, Frank E.,</subfield><subfield code="d">1875-1943,</subfield><subfield code="e">former owner.</subfield></datafield><datafield tag="773" ind1="0" ind2=" "><subfield code="a">F. E. Nuttall Collection.</subfield></datafield><datafield tag="880" ind1="1" ind2="0"><subfield code="6">245-03/</subfield><subfield code="a">دیوان ظهیر فریابی,</subfield><subfield code="f">[قرن 18م؟].</subfield></datafield><datafield tag="880" ind1="1" ind2=" "><subfield code="6">100-01/</subfield><subfield code="a">ظهير فاريابى، ابو الفضل طاهر بن محمد.</subfield></datafield><datafield tag="CID" ind1=" " ind2=" "><subfield code="a">006836739</subfield></datafield><datafield tag="DAT" ind1="0" ind2=" "><subfield code="a">20190719102641.0</subfield><subfield code="b">20190719000000.0</subfield></datafield><datafield tag="DAT" ind1="1" ind2=" "><subfield code="a">20190719090653.0</subfield><subfield code="b">2019-07-19T16:10:54Z</subfield></datafield><datafield tag="DAT" ind1="2" ind2=" "><subfield code="a">2015-10-10T18:00:06Z</subfield></datafield><datafield tag="CAT" ind1=" " ind2=" "><subfield code="a">SDR-MIU</subfield><subfield code="d">EX LIBRIS - ALEPH</subfield><subfield code="l">prepare.pl-004-008</subfield></datafield><datafield tag="FMT" ind1=" " ind2=" "><subfield code="a">BK</subfield></datafield><datafield tag="HOL" ind1=" " ind2=" "><subfield code="0">sdr-miu006836739</subfield><subfield code="a">MiU</subfield><subfield code="b">SDR</subfield><subfield code="c">MIU</subfield><subfield code="p">mdp.39015079132455</subfield><subfield code="s">MIU</subfield><subfield code="1">006836739</subfield></datafield><datafield tag="974" ind1=" " ind2=" "><subfield code="b">MIU</subfield><subfield code="c">MIU</subfield><subfield code="d">20190719</subfield><subfield code="s">lit-dlps-dc</subfield><subfield code="u">mdp.39015079132455</subfield><subfield code="y">1799</subfield><subfield code="r">pd</subfield><subfield code="q">bib</subfield><subfield code="t">non-US bib date1 &lt; 1896</subfield></datafield></record></collection>